<record><leader>00000nas a22000007i 4500</leader><controlfield tag="001">921309058</controlfield><controlfield tag="008">150917d18481849vauwr ne      0    0eng c</controlfield><datafield ind1=" " ind2=" " tag="010"><subfield code="a">  2015228177</subfield></datafield><datafield ind1=" " ind2=" " tag="040"><subfield code="a">NDD</subfield><subfield code="b">eng</subfield><subfield code="e">rda</subfield><subfield code="c">NDD</subfield></datafield><datafield ind1=" " ind2=" " tag="042"><subfield code="a">msc</subfield></datafield><datafield ind1=" " ind2=" " tag="043"><subfield code="a">n-us-va</subfield></datafield><datafield ind1="0" ind2="4" tag="245"><subfield code="a">The campaign of '48.</subfield></datafield><datafield ind1="1" ind2=" " tag="246"><subfield code="a">Campaign of 1848</subfield></datafield><datafield ind1=" " ind2="1" tag="264"><subfield code="a">Lynchburg, Virginia :</subfield><subfield code="b">Glass &amp; Woodson,</subfield><subfield code="c">[1848]-</subfield></datafield><datafield ind1=" " ind2=" " tag="300"><subfield code="a">volumes ;</subfield><subfield code="c">46 cm</subfield></datafield><datafield ind1=" " ind2=" " tag="310"><subfield code="a">Weekly</subfield></datafield><datafield ind1=" " ind2=" " tag="336"><subfield code="a">text</subfield><subfield code="b">txt</subfield><subfield code="2">rdacontent</subfield></datafield><datafield ind1=" " ind2=" " tag="337"><subfield code="a">unmediated</subfield><subfield code="b">n</subfield><subfield code="2">rdamedia</subfield></datafield><datafield ind1=" " ind2=" " tag="338"><subfield code="a">volume</subfield><subfield code="b">nc</subfield><subfield code="2">rdacarrier</subfield></datafield><datafield ind1="1" ind2=" " tag="362"><subfield code="a">Began with: Number 1 (May 12, 1848); ceased in November 1849?</subfield></datafield><datafield ind1=" " ind2=" " tag="500"><subfield code="a">"Principles, not men."</subfield></datafield><datafield ind1=" " ind2=" " tag="500"><subfield code="a">Issued until after the presidential election held on 7th November 1849.</subfield></datafield><datafield ind1=" " ind2=" " tag="500"><subfield code="a">Democratic campaign newspaper.</subfield></datafield><datafield ind1=" " ind2=" " tag="588"><subfield code="a">Description based on: Number 1 (May 12, 1848); title from masthead.</subfield></datafield><datafield ind1=" " ind2=" " tag="588"><subfield code="a">Latest issue consulted: Number 1 (May 12, 1848).</subfield></datafield><datafield ind1=" " ind2="0" tag="650"><subfield code="a">Campaign literature, 1848</subfield><subfield code="x">Democratic</subfield><subfield code="v">Newspapers.</subfield></datafield><datafield ind1=" " ind2="0" tag="651"><subfield code="a">Lynchburg (Va.)</subfield><subfield code="v">Newspapers.</subfield></datafield><datafield ind1=" " ind2=" " tag="752"><subfield code="a">United States</subfield><subfield code="b">Virginia</subfield><subfield code="d">Lynchburg.</subfield></datafield></record>